[gd_scene load_steps=7 format=2]

[ext_resource path="res://scenes/chem/struct/Stick.gd" type="Script" id=1]
[ext_resource path="res://lib/scenes/3d/DefaultEditorLight.tscn" type="PackedScene" id=2]

[sub_resource type="SphereMesh" id=1]
radial_segments = 16
rings = 8

[sub_resource type="CylinderMesh" id=2]
height = 0.5
radial_segments = 16

[sub_resource type="CylinderMesh" id=3]
height = 0.5
radial_segments = 16

[sub_resource type="SphereMesh" id=4]
radial_segments = 16
rings = 8

[node name="Stick" type="Spatial"]
script = ExtResource( 1 )

[node name="DefaultEditorLight" parent="." instance=ExtResource( 2 )]

[node name="Stick1" type="Spatial" parent="."]

[node name="Cap" type="StaticBody" parent="Stick1"]

[node name="MeshInstance" type="MeshInstance" parent="Stick1/Cap"]
mesh = SubResource( 1 )
material/0 = null

[node name="Rod" type="StaticBody" parent="Stick1"]

[node name="MeshInstance" type="MeshInstance" parent="Stick1/Rod"]
transform = Transform( 1, 0, 0, 0, -4.37114e-08, 1, 0, -1, -4.37114e-08, 0, 0, -0.25 )
mesh = SubResource( 2 )
material/0 = null

[node name="Stick2" type="Spatial" parent="."]
transform = Transform( 1, 0, 0, 0, 1, 0, 0, 0, 1, 0, 0, -1 )

[node name="Rod" type="StaticBody" parent="Stick2"]

[node name="MeshInstance" type="MeshInstance" parent="Stick2/Rod"]
transform = Transform( 1, 0, 0, 0, -4.37114e-08, -1, 0, 1, -4.37114e-08, 0, 0, 0.25 )
mesh = SubResource( 3 )
material/0 = null

[node name="Cap" type="StaticBody" parent="Stick2"]

[node name="MeshInstance" type="MeshInstance" parent="Stick2/Cap"]
mesh = SubResource( 4 )
material/0 = null
